<?xml version="1.0" encoding="UTF-8"?><record xmlns="http://www.loc.gov/MARC21/slim" xmlns:cinclude="http://apache.org/cocoon/include/1.0" xmlns:zs="http://www.loc.gov/zing/srw/">
  <leader>00877nz  a2200181n  4500</leader>
  <controlfield tag="001">no2011184826</controlfield>
  <controlfield tag="003">DLC</controlfield>
  <controlfield tag="005">20111202075214.0</controlfield>
  <controlfield tag="008">111130n| acannaabn          |a ana     c</controlfield>
  <datafield tag="010" ind1=" " ind2=" ">
    <subfield code="a">no2011184826</subfield>
  </datafield>
  <datafield tag="035" ind1=" " ind2=" ">
    <subfield code="a">(OCoLC)oca09049556</subfield>
  </datafield>
  <datafield tag="040" ind1=" " ind2=" ">
    <subfield code="a">IEN</subfield>
    <subfield code="b">eng</subfield>
    <subfield code="c">IEN</subfield>
  </datafield>
  <datafield tag="110" ind1="2" ind2=" ">
    <subfield code="a">Gugulethu Development Project</subfield>
  </datafield>
  <datafield tag="410" ind1="2" ind2=" ">
    <subfield code="a">FAWU Gugulethu Development and Urban Renewal Project</subfield>
  </datafield>
  <datafield tag="410" ind1="2" ind2=" ">
    <subfield code="a">Fawu Gugulethu Development Project</subfield>
  </datafield>
  <datafield tag="410" ind1="2" ind2=" ">
    <subfield code="a">Food and Allied Workers' Union.</subfield>
    <subfield code="b">Gugulethu Development Project</subfield>
  </datafield>
  <datafield tag="670" ind1=" " ind2=" ">
    <subfield code="a">The Ray Alexander Simons Memory Centre, 2010:</subfield>
    <subfield code="b">t.p. (Gugulethu Development Project) p. 2 (Fawu Gugulethu Development Project; its 2020 Vision initiated by the Food and Allied Workers Union) p. 5 (Gugulethu Developmpent Project, estab. by FAWU)</subfield>
  </datafield>
  <datafield tag="670" ind1=" " ind2=" ">
    <subfield code="a">Introducing Ray Alexander Simons Theatre, 2010?:</subfield>
    <subfield code="b">last p. (FAWU Gugulethu Development and Urban Renewal Project)</subfield>
  </datafield>
</record>